<?xml version="1.0" encoding="UTF-8"?><collection xmlns="http://www.loc.gov/MARC21/slim"><record><leader>00419nam--2200145-i-4500</leader><controlfield tag="001">000045724</controlfield><controlfield tag="002">20161230</controlfield><controlfield tag="005">20161230201045</controlfield><controlfield tag="008">060222s1000------------r-----000-0-eng-d</controlfield><datafield ind1=" " ind2=" " tag="080"><subfield code="a">621.372.82</subfield></datafield><datafield ind1=" " ind2=" " tag="100"><subfield code="a">Troup,Gordon</subfield></datafield><datafield ind1=" " ind2=" " tag="245"><subfield code="a">Masers. microwave amplification and oscillation by simulated emissiion</subfield></datafield><datafield ind1=" " ind2=" " tag="260"><subfield code="a">London, Methuen, 1959. X+168 P</subfield></datafield><datafield ind1=" " ind2=" " tag="490"><subfield code="a">Methuen`S Monographs On Physical Subjects</subfield></datafield><datafield ind1=" " ind2=" " tag="852"><subfield code="a">15785</subfield></datafield></record></collection>